@misc{vbuterin_2018,
  title   = {On-chain scaling to potentially ~500 tx/sec through mass tx validation},
  url     = {https://ethresear.ch/t/on-chain-scaling-to-potentially-500-tx-sec-through-mass-tx-validation/3477},
  journal = {Ethereum Research},
  author  = {Vbuterin},
  year    = {2018},
  month   = {Sep}
}

@article{adams2020uniswap,
  title   = {Uniswap v2 core},
  author  = {Adams, Hayden and Zinsmeister, Noah and Robinson, Dan},
  journal = {URl: https://uniswap.org/whitepaper.pdf},
  year    = {2020}
}

@misc{uniswap_info, 
  title   = {Uniswap Protocol Analytics}, 
  url     = {https://info.uniswap.org/home}, 
}

@misc{gasprice,
  title     = {Ethereum gas price},
  url       = {https://etherscan.io/chart/gasprice},
}

@misc{gaslimit,
  title     = {Ethereum block gas limit},
  url       = {https://etherscan.io/chart/gaslimit}  
}

@article{eberhardt2017zokrates,
  title   = {ZoKratesâ€”A Toolbox for zkSNARKs on Ethereum},
  author  = {Eberhardt, J},
  journal = {Ethereum Foundation [online]: https://ethereumfoundation.org/devcon3/sessions/verifiable-off-chaincomputation-for-smart-contracts/,(accessed on 10-02-2018)},
  year    = {2017}
}

@misc{zksnarks_nutshell_2016,
  title   = {zkSNARKs in a nutshell},
  url     = {https://blog.ethereum.org/2016/12/05/zksnarks-in-a-nutshell/},
  journal = {Ethereum Foundation Blog},
  author  = {Foundation, Ethereum},
  year    = {2016},
  month   = {Dec}
}

@misc{blocktime,
  title     = {Ethereum Average Blocktime},
  url       = {https://etherscan.io/chart/blocktime}
}