@misc{vbuterin_2018,
  title   = {On-chain scaling to potentially ~500 tx/sec through mass tx validation},
  url     = {https://ethresear.ch/t/on-chain-scaling-to-potentially-500-tx-sec-through-mass-tx-validation/3477},
  journal = {Ethereum Research},
  author  = {Vbuterin},
  year    = {2018},
  month   = {Sep}
}

@article{wood2014ethereum,
  title   = {Ethereum: A secure decentralised generalised transaction ledger},
  author  = {Wood, Gavin and others},
  journal = {Ethereum project yellow paper},
  volume  = {151},
  number  = {2014},
  pages   = {1--32},
  year    = {2014}
}

@misc{kulechov_2020,
  title     = {The Aave Protocol V2},
  url       = {https://medium.com/aave/the-aave-protocol-v2-f06f299cee04},
  journal   = {Medium},
  publisher = {Aave Blog},
  author    = {Kulechov, Stani},
  year      = {2020},
  month     = {Dec}
} 

@article{adams2020uniswap,
  title   = {Uniswap v2 core},
  author  = {Adams, Hayden and Zinsmeister, Noah and Robinson, Dan},
  journal = {URl: https://uniswap.org/whitepaper.pdf},
  year    = {2020}
}

@article{eberhardt2017zokrates,
  title   = {ZoKratesâ€”A Toolbox for zkSNARKs on Ethereum},
  author  = {Eberhardt, J},
  journal = {Ethereum Foundation [online]: https://ethereumfoundation.org/devcon3/sessions/verifiable-off-chaincomputation-for-smart-contracts/,(accessed on 10-02-2018)},
  year    = {2017}
}

@misc{zksnarks_nutshell_2016,
  title   = {zkSNARKs in a nutshell},
  url     = {https://blog.ethereum.org/2016/12/05/zksnarks-in-a-nutshell/},
  journal = {Ethereum Foundation Blog},
  author  = {Foundation, Ethereum},
  year    = {2016},
  month   = {Dec}
}

@misc{gluchowski_2020,
  title     = {Introducing ZK Sync: the missing link to mass adoption of Ethereum},
  url       = {https://medium.com/matter-labs/introducing-zk-sync-the-missing-link-to-mass-adoption-of-ethereum-14c9cea83f58},
  journal   = {Medium},
  publisher = {Matter Labs},
  author    = {Gluchowski, Alex},
  year      = {2020},
  month     = {Jun}
} 

@inproceedings{szydlo2004merkle,
  title        = {Merkle tree traversal in log space and time},
  author       = {Szydlo, Michael},
  booktitle    = {International Conference on the Theory and Applications of Cryptographic Techniques},
  pages        = {541--554},
  year         = {2004},
  organization = {Springer}
}

@misc{deml_2019,
  title     = {Efficient ECC in zkSNARKs using ZoKrates},
  url       = {https://medium.com/zokrates/efficient-ecc-in-zksnarks-using-zokrates-bd9ae37b8186},
  journal   = {Medium},
  publisher = {ZoKrates},
  author    = {Deml, Stefan},
  year      = {2019},
  month     = {Aug}
}

@inproceedings{albrecht2016mimc,
  title        = {MiMC: Efficient encryption and cryptographic hashing with minimal multiplicative complexity},
  author       = {Albrecht, Martin and Grassi, Lorenzo and Rechberger, Christian and Roy, Arnab and Tiessen, Tyge},
  booktitle    = {International Conference on the Theory and Application of Cryptology and Information Security},
  pages        = {191--219},
  year         = {2016},
  organization = {Springer}
}

@article{benet2014ipfs,
  title   = {Ipfs-content addressed, versioned, p2p file system},
  author  = {Benet, Juan},
  journal = {arXiv preprint arXiv:1407.3561},
  year    = {2014}
}

@article{baylinaeddsa,
  title  = {EdDSA For Baby Jubjub Elliptic Curve with MiMC-7 Hash},
  author = {Baylina, Jordi and Bell{\'e}s, Marta}
}

 @misc{zcash_2019,
  title   = {What are zk-SNARKs?},
  url     = {https://z.cash/technology/zksnarks/},
  journal = {Zcash},
  year    = {2019},
  month   = {Sep}
} 

@misc{loopring_2020,
  title   = {Loopring's zkSNARK Prover Optimizations},
  url     = {https://blogs.loopring.org/looprings-zksnark-prover-optimizations/},
  journal = {loopring},
  year    = {2020},
  month   = {Mar}
} 

@inproceedings{wu2018dizk,
  title     = {$\{$DIZK$\}$: A distributed zero knowledge proof system},
  author    = {Wu, Howard and Zheng, Wenting and Chiesa, Alessandro and Popa, Raluca Ada and Stoica, Ion},
  booktitle = {27th $\{$USENIX$\}$ Security Symposium ($\{$USENIX$\}$ Security 18)},
  pages     = {675--692},
  year      = {2018}
}

 @misc{eip_1108,
  title   = {eip-1108},
  url     = {https://github.com/ethereum/EIPs/blob/master/EIPS/eip-1108.md},
  journal = {GitHub},
  author  = {Ethereum},
  year    = {2020},
  month   = {Sep}
} 

@inproceedings{grassi2020poseidon,
  title        = {Poseidon: A new hash function for zero-knowledge proof systems},
  author       = {Grassi, Lorenzo and Khovratovich, Dmitry and Rechberger, Christian and Roy, Arnab and Schofnegger, Markus},
  booktitle    = {Proceedings of the 30th USENIX Security Symposium},
  year         = {2020},
  organization = {USENIX Association}
}

@article{udovenko2020optimized,
  title  = {Optimized Collision Search for STARK-Friendly Hash Challenge Candidates},
  author = {Udovenko, Aleksei},
  year   = {2020}
}

@article{gabizon2019plonk,
  title   = {PLONK: Permutations over Lagrange-bases for Oecumenical Noninteractive arguments of Knowledge.},
  author  = {Gabizon, Ariel and Williamson, Zachary J and Ciobotaru, Oana},
  journal = {IACR Cryptol. ePrint Arch.},
  volume  = {2019},
  pages   = {953},
  year    = {2019}
}

@article{whinfrey2021hop,
  title  = {Hop: Send Tokens Across Rollups},
  author = {Whinfrey, Chris},
  year   = {2021}
}

@misc{zinc,
  title   =  {zinc}, 
  url     =  {https://zinc.zksync.io/}, 
  journal =  {Introduction - Zinc v0.2.3}
} 

@misc{zincCurve,
  title   = {Curve on Zinc},
  url     = {https://medium.com/matter-labs/curve-zksync-l2-ethereums-first-user-defined-zk-rollup-smart-contract-5a72c496b350},
  journal = {Medium}
} 

@misc{zkSync_2019,
  title   = {zkSync},
  url     = {https://medium.com/matter-labs/introducing-zk-sync-the-missing-link-to-mass-adoption-of-ethereum-14c9cea83f58},
  journal = {Medium},
  year    = {2019},
  month   = {Dec}
}

@article{zhou2020high,
  title   = {High-Frequency Trading on Decentralized On-Chain Exchanges},
  author  = {Zhou, Liyi and Qin, Kaihua and Torres, Christof Ferreira and Le, Duc V and Gervais, Arthur},
  journal = {arXiv preprint arXiv:2009.14021},
  year    = {2020}
}

 @misc{robinson_2021,
  title     = {Ethereum Is a Dark Forest},
  url       = {https://medium.com/@danrobinson/ethereum-is-a-dark-forest-ecc5f0505dff},
  journal   = {Medium},
  publisher = {Medium},
  author    = {Robinson, Dan},
  year      = {2021},
  month     = {Feb}
} 

//On-chain stuff
@misc{uniswap_info,
  key       = {Uniswap},
  title     = {Uniswap Protocol Analytics},
  url       = {https://info.uniswap.org/home}
}

@misc{gasprice,
  key       = {Etherscan.io},
  title     = {Ethereum gas price},
  url       = {https://etherscan.io/chart/gasprice}
}

@misc{gaslimit,
  key       = {Etherscan.io},
  title     = {Ethereum block gas limit},
  url       = {https://etherscan.io/chart/gaslimit}
}

@misc{blocktime,
  key       = {Etherscan.io},
  title     = {Ethereum Average Blocktime},
  url       = {https://etherscan.io/chart/blocktime}
}

@misc{cummulative_vol, 
  title     ={Uniswap cummulative volume}, 
  url       ={https://duneanalytics.com/projects/uniswap}, 
  journal   ={Dune Analytics}
}

@misc{eth_gas_guzzlers,
  key       = {Eth Gas Station},
  title     = {Ethereum gas guzzlers},
  url       = {https://ethgasstation.info/gasguzzlers.php}
}

@misc{uniswap_tx_fees,
  key   = {Etherscan.io},
  title = {Uniswap total fees used},
  url   = {https://etherscan.io/address/0x7a250d5630b4cf539739df2c5dacb4c659f2488d}
}